<record><leader>00000cas a22000007a 4500</leader><controlfield tag="001">47646198</controlfield><controlfield tag="008">010725d19uu19uusduwr ne      0    0eng d</controlfield><datafield ind1=" " ind2=" " tag="010"><subfield code="a">sn2001063549</subfield></datafield><datafield ind1=" " ind2=" " tag="040"><subfield code="a">SXN</subfield><subfield code="b">eng</subfield><subfield code="c">SXN</subfield><subfield code="d">OCLCQ</subfield><subfield code="d">OCLCF</subfield><subfield code="d">OCLCO</subfield></datafield><datafield ind1="1" ind2=" " tag="029"><subfield code="a">AU@</subfield><subfield code="b">000022868515</subfield></datafield><datafield ind1=" " ind2=" " tag="042"><subfield code="a">msc</subfield></datafield><datafield ind1=" " ind2=" " tag="043"><subfield code="a">n-us-sd</subfield></datafield><datafield ind1="0" ind2=" " tag="130"><subfield code="a">Saturday news (Watertown, S.D.)</subfield></datafield><datafield ind1="1" ind2="0" tag="245"><subfield code="a">Saturday news.</subfield></datafield><datafield ind1=" " ind2=" " tag="260"><subfield code="a">Watertown, S.D. :</subfield><subfield code="b">E.M. Barker</subfield></datafield><datafield ind1=" " ind2=" " tag="300"><subfield code="a">v.</subfield></datafield><datafield ind1=" " ind2=" " tag="310"><subfield code="a">Weekly</subfield></datafield><datafield ind1=" " ind2=" " tag="530"><subfield code="a">Available on microfilm from: State Archives, South Dakota State Historical Society.</subfield></datafield><datafield ind1=" " ind2=" " tag="588"><subfield code="a">Description based on: Vol. 6, no. 34(Feb. 14, 1908).</subfield></datafield><datafield ind1=" " ind2="0" tag="651"><subfield code="a">Watertown (S.D.)</subfield><subfield code="v">Newspapers.</subfield></datafield><datafield ind1=" " ind2="0" tag="651"><subfield code="a">Codington County (S.D.)</subfield><subfield code="v">Newspapers.</subfield></datafield><datafield ind1=" " ind2="7" tag="655"><subfield code="a">Newspapers.</subfield><subfield code="2">fast</subfield><subfield code="0">(OCoLC)fst01423814</subfield></datafield><datafield ind1=" " ind2="7" tag="651"><subfield code="a">South Dakota</subfield><subfield code="z">Codington County.</subfield><subfield code="2">fast</subfield><subfield code="0">(OCoLC)fst01212346</subfield></datafield><datafield ind1=" " ind2="7" tag="651"><subfield code="a">South Dakota</subfield><subfield code="z">Watertown.</subfield><subfield code="2">fast</subfield><subfield code="0">(OCoLC)fst01228902</subfield></datafield><datafield ind1=" " ind2=" " tag="752"><subfield code="a">United States</subfield><subfield code="b">South Dakota</subfield><subfield code="c">Codington</subfield><subfield code="d">Watertown.</subfield></datafield></record>